<record><leader>01491cam a2200337 i 4500</leader><controlfield tag="001">6803480</controlfield><controlfield tag="003">OCoLC</controlfield><controlfield tag="005">20150127093451.0</controlfield><controlfield tag="008">140512s2015    mnu           000 p eng d</controlfield><datafield ind1=" " ind2=" " tag="010"><subfield code="a">  2014948532</subfield></datafield><datafield ind1=" " ind2=" " tag="020"><subfield code="a">1555976980 (paperback)</subfield></datafield><datafield ind1=" " ind2=" " tag="020"><subfield code="a">9781555976989 (paperback)</subfield></datafield><datafield ind1=" " ind2=" " tag="035"><subfield code="a">ocn879582875</subfield></datafield><datafield ind1=" " ind2=" " tag="040"><subfield code="a">YDXCP</subfield><subfield code="b">eng</subfield><subfield code="e">rda</subfield><subfield code="c">YDXCP</subfield><subfield code="d">BTCTA</subfield><subfield code="d">BDX</subfield><subfield code="d">OCLCQ</subfield><subfield code="d">NYP</subfield><subfield code="d">UOK</subfield><subfield code="d">UAB</subfield><subfield code="d">AEU</subfield></datafield><datafield ind1=" " ind2="4" tag="050"><subfield code="a">PS3569.L52</subfield><subfield code="b">A6 2015</subfield></datafield><datafield ind1="0" ind2="4" tag="082"><subfield code="a">811.6</subfield><subfield code="2">23</subfield></datafield><datafield ind1=" " ind2=" " tag="090"><subfield code="a">PS 3569 L52 A6 2015</subfield><subfield code="b">AEU</subfield></datafield><datafield ind1="1" ind2=" " tag="100"><subfield code="a">Sleigh, Tom,</subfield><subfield code="e">author.</subfield></datafield><datafield ind1="1" ind2="0" tag="240"><subfield code="a">Poems.</subfield><subfield code="k">Selections</subfield></datafield><datafield ind1="1" ind2="0" tag="245"><subfield code="a">Station Zed :</subfield><subfield code="b">poems /</subfield><subfield code="c">Tom Sleigh.</subfield></datafield><datafield ind1=" " ind2="1" tag="264"><subfield code="a">Minneapolis, Minnesota :</subfield><subfield code="b">Graywolf Press,</subfield><subfield code="c">[2015]</subfield></datafield><datafield ind1=" " ind2=" " tag="300"><subfield code="a">113 pages ;</subfield><subfield code="c">23 cm</subfield></datafield><datafield ind1=" " ind2=" " tag="336"><subfield code="a">text</subfield><subfield code="b">txt</subfield><subfield code="2">rdacontent</subfield></datafield><datafield ind1=" " ind2=" " tag="337"><subfield code="a">unmediated</subfield><subfield code="b">n</subfield><subfield code="2">rdamedia</subfield></datafield><datafield ind1=" " ind2=" " tag="338"><subfield code="a">volume</subfield><subfield code="b">nc</subfield><subfield code="2">rdacarrier</subfield></datafield><datafield ind1=" " ind2=" " tag="520"><subfield code="a">Station Zed is the terminal outpost beyond which is the unknown. It is also the poet Tom Sleigh's finest work. In this latest collection, Sleigh brings to these poems his experiences as a journalist on tours of Lebanon, Somalia, Iraq, and Libya. But these are also dispatches from places of grief, history, and poetic traditions as varied as Scottish ballads and the journeys of Bash&#333;.</subfield></datafield><datafield ind1=" " ind2=" " tag="596"><subfield code="a">43</subfield></datafield><datafield ind1=" " ind2="0" tag="650"><subfield code="a">American poetry</subfield><subfield code="y">21st century.</subfield></datafield><datafield ind1=" " ind2="0" tag="650"><subfield code="a">War correspondents</subfield><subfield code="v">Poetry.</subfield></datafield><datafield ind1=" " ind2=" " tag="949"><subfield code="a">PS 3569 L52 A6 2015</subfield><subfield code="c">1</subfield><subfield code="h">UAHS-B</subfield><subfield code="i">0162035235223</subfield></datafield><datafield ind1=" " ind2=" " tag="926"><subfield code="a">PS 3569 L52 A6 2015</subfield><subfield code="w">LC</subfield><subfield code="c">1</subfield><subfield code="i">0162035235223</subfield><subfield code="l">ON_SHELF</subfield><subfield code="m">UAHSS</subfield><subfield code="p">$150.00</subfield><subfield code="r">Y</subfield><subfield code="s">Y</subfield><subfield code="t">BOOK</subfield><subfield code="u">2/11/2015</subfield></datafield></record>